@inproceedings{bach2004multiple,
  title={Multiple kernel learning, conic duality, and the SMO algorithm},
  author={Bach, Francis R and Lanckriet, Gert R.G. and Jordan, Michael I},
  booktitle={ICML},
  year={2004},
}
